@article{Conomos1985,
author = {T. J. Conomos and R. E. Smith and J. W. Gartner},
year={1985},
title={Environmental setting of San Francisco Bay},
journal={Hydrobiologia},
pages={1--12},
volume={129},
issue={1},
doi={10.1007/BF00048684}
}

@techreport{SFEImoore_project,
address={Richmond, CA},
institution={San Francisco Estuary Institute},
author={R. Sutton and A. Franz and A. Gilbreath and D. Lin and L. Miller and M. Sedlak
and A. Wong and C. Box and R. Holleman and K. Munno and X. Zhu and C. Rochmand},
title={Understanding Microplastics Levels, Pathways, and Transport},
year={2019}
}

@article{GilbreathMcKee2015,
author = {A. B. Gilbreath and L. J. McKee},
year={2015},
title={Concentrations and loads of PCBs, dioxins, PAHs, PBDEs, OC pesticides
 and pyrethroids during storm and low flow conditions in a small urban semi-arid
 estuary},
journal={Science of the Total Environment},
volume={526},
pages={251--261}
}
